@article{articulo,
    author          = {Nombre 1},
    title           = {Titulo 1},
    journaltitle    = {Revista 1},
    year            = {2017},
    volume          = {322},
    number          = {10},
    pages           = {891-921},
    doi             = {doi}
}

@online{web,
    author          = {Nombre 2},
    title           = {Titulo 2},
    year            = {2018},
    url             = {http://google.com}
}

@book{libro,
    author          = {Nombre 3},
    title           = {Titulo 3},
    year            = {2019},
    publisher       = {Publisher 3},
    location        = {Location 3}
}